@article{alexander2006,
  author =       {Bryan Alexander},
  title =        {web 2.0: new wave of innovation for teaching and learning?},
  journal =      {EDUCAUSE Review},
  volume =       41,
  year =         2006,
  pages =        {32--44},
  number =       2
}

@misc{ap2009,
  author =       {Associated Press},
  title =        {Netbooks power down for portability},
  year =         2009,
  url =
                  {http://www.australianit.news.com.au/story/0,24897,24932480-5013037,00.html},
  note =         {Retrieved 20 January, 2009 from
                  \url{http://www.australianit.news.com.au/story/0,24897,24932480-5013037,00.html}}
}

@Article{armand2008,
  author =       {M. Armand and J. Tarascon},
  title =        {Building better batteries},
  journal =      {Nature},
  year =         2008,
  volume =       451,
  number =       7179,
  pages =        {652--657},
  month =        {February},
  note =         {Retrieved 11 April, 2010 from
                  \url{http://ezproxy.chc.edu:2324/login.aspx?direct=true&db=aph&AN=24497249&site=ehost-live}}
}

@misc{baker2007,
  author =       {Stephen Baker},
  title =        {Google and the Wisdom of Clouds},
  year =         2009,
  url =
                  {\url{http://www.businessweek.com/print/magazine/content/07\_52/b4064048925836.htm}},
  note =         {Retrieved 13 January, 2009 from
                  \url{http://www.businessweek.com/print/magazine/content/07\_52/b4064048925836.htm}}
}

@misc{best2006,
  author =       {Jo Best},
  title =        {Analysis: What is a smart phone?},
  year =         2006,
  url =          {http://networks.silicon.com/mobile/0,39024665,39156391,00.htm},
  note =         {Retrieved 14 January, 2009 from
                  \url{http://networks.silicon.com/mobile/0,39024665,39156391,00.htm}}
}

@article{bleicher2006,
  author =       {Paul Bleicher},
  title =        {Solutions Delivered, Not Installed},
  journal =      {Applied Clinical Trials},
  volume =       15,
  number =       6,
  year =         2006,
  pages =        {41--44}
}

@misc{bergevin2008,
  author =       {Paul Bergevin},
  title =        {Thoughts on Netbooks},
  year =         2009,
  url =
                  \url{{http://blogs.intel.com/technology/2008/03/thoughts\_on\_netbooks.php}},
  note =         {Retrieved 3 March, 2009 from
                  \url{http://blogs.intel.com/technology/2008/03/thoughts\_on\_netbooks.php}}
}

@Misc{buchmann2003,
  author =       {Isidor Buchmann},
  title =        {Choosing the right battery for portable computing},
  month =        {September},
  year =         2006,
  note =         {Retrieved 11 April, 2010 from
                  \url{http://www.batteryuniversity.com/parttwo-38.htm}}
}

@article{ellis2007,
  author =       {B. L. Ellis and W. R. M. Makahnouk and Y. Makimura and
                  K. Toghill and L. F. Nazar},
  journal =      {Nature Materials},
  title =        {A multifunctional 3.5V iron-based phosphate cathode for
                  rechargeable batteries},
  year =         2007,
  volume =       6,
  number =       10,
  pages =        {749--753}
}

@article{giustini2006,
  author =       {Dean Giustini},
  journal =      {BMJ},
  title =        {How Web 2.0 is changing medicine: Is a medical Wikipedia the
                  next step?},
  year =         2006,
  volume =       333,
  number =       7582,
  pages =        {1283--1284}
}

@article{copeland2008,
  author =       {Michael Copeland},
  journal =      {Fortune Magazine},
  title =        {Disruptors: The `netbook' revolution},
  year =         2008,
  url =
                  \url{{http://money.cnn.com/2008/10/13/technology/copeland\_asus.fortune/index.htm}},
  note =         {Retrieved January 15, 2009 from
                  \url{http://money.cnn.com/2008/10/13/technology/copeland\_asus.fortune/index.htm}}
}

@Article{gladstone09,
  author =       {Darren Gladstone},
  title =        {Next-Generation Netbook: The New Ultraportables},
  journal =      {PC World},
  year =         2009,
  volume =       27,
  number =       4,
  pages =        {78--84},
  month =        {April},
  note =         {Retrieved 8 February, 2010 from Academic Search Premier.}
}

@Article{hsiung2007,
  author =       {Steve C. Hsiung and John M. Ritz},
  title =        {Reusable Energy and Power Sources: Rechargeable Batteries},
  journal =      {Technology Teacher},
  year =         2007,
  volume =       66,
  number =       6,
  pages =        {14--20},
  month =        {Mar},
  note =         {Retrieved 11 April, 2010 from
                  \url{http://ezproxy.chc.edu:2324/login.aspx?direct=true&db=aph&AN=24497249&site=ehost-live}}
}

@article{idota1997,
  author =       {Y. Idota and T. Kubota and A. Matsufuji and Y. Maekawa and
                  T. Miyasaka},
  journal =      {Science Magazine},
  title =        {Tin-Based Amorphous Oxide: A High-Capacity Lithium-Ion-Storage
                  Material},
  year =         1997,
  volume =       276,
  number =       5317,
  pages =        {1395--1397}
}

@book{kelly2004,
  author =       {Martin Campbell-Kelly and William Aspray},
  year =         2004,
  title =        {Computer: A History of the Information Machine},
  address =      {Boulder, CO},
  publisher =    {Westview Press},
  edition =      {second},
  series =       {The Sloan Technology Series}
}

@article{lai2002,
  author =       {A. Lai and J. Nieh},
  journal =      {Proceedings of the ACM Sigmetrics},
  title =        {Limits of Wide-Area Thin-Client Computing},
  year =         2002,
  volume =       30,
  number =       1,
  pages =        {228--239}
}

@book {levy1994,
  author =       {Steven Levy},
  year =         1994,
  title =        {Hackers: Heroes of the Computer Revolution},
  address =      {New York, NY},
  publisher =    {Penguin Books}
}

@Misc{microsoftBattery,
  author =       {{Microsoft}},
  title =        {Strategies for conserving battery power},
  note =         {Retrieved 11 April, 2010 from
                  \url{http://www.microsoft.com/atwork/maintenance/battery.aspx#top-of-page}}
}

@misc {mcdougall2007,
  author =       {P. McDougall},
  title =        {Google Targets Microsoft With Launch Of Business Applications},
  year =         2007,
  url =
                  \url{{http://www.informationweek.com/news/internet/showArticle.jhtml?articleID=197007903}},
  note =         {Retrieved 13 January, 2009 from
                  \url{http://www.informationweek.com/news/internet/showArticle.jhtml?articleID=197007903}}
}

@article{miller2005,
  author =       {Paul Miller},
  title =        {Web 2.0: Building the New Library},
  journal =      {Ariadne},
  year =         2005,
  volume =       45,
  url =          \url{{http://www.ariadne.ac.uk/issue45/miller/}},
  note =         {Retrieved 15 December, 2008 from
                  \url{http://www.ariadne.ac.uk/issue45/miller/}}
}

@article{nam2006,
  author =       {K. T. Nam and D. Kim and P. Yoo and C. Chiang and N. Meethong
                  and P. Hamond and Y. Chiang and A. Belcher},
  title =        {Virus-Enabled Synthesis and Assembly of Nanowires for Lithium
                  Ion Battery Electrodes},
  journal =      {Science},
  volume =       312,
  number =       5775,
  year =         2006,
  pages =        {885-888}
}

@article{oreilly2007,
  author =       {Tim O'Reilly},
  title =        {What is Web 2.0: Design Patterns and Business Models for the
                  Next Generation of Software},
  journal =      {Communications and Strategies},
  volume =       1,
  pages =        17,
  note =         {Retrieved 19 September, 2008 from
                  \url{http://papers.ssrn.com/sol3/papers.cfm?abstract\_id=1008839}},
  url =          \url{{http://papers.ssrn.com/sol3/papers.cfm?abstract\_id=1008839}},
  year =         2007
}

@article{reiss2008,
  author =       {S. Reiss},
  year =         2008,
  title =        {Cloud Computing. Available at Amazon.com Today},
  journal =      {Wired Magazine},
  volume =       16,
  number =       5,
  note =         {Retrieved November 4, 2008 from
                  \url{http://www.wired.com/techbiz/it/magazine/16-05/mf\_amazon?currentPage=all}},
  url =
                  \url{{http://www.wired.com/techbiz/it/magazine/16-05/mf\_amazon?currentPage=all}}
}

@misc{samar1981,
  author =       {B. Samar},
  year =         1981,
  title =        {U.S. Patent No. 4304825A},
  url =
                  \url{{http://v3.espacenet.com/publicationDetails/biblio?CC=US&NR=4304825A&KC=A&FT=D&date=19811208}},
  note =         {European Patent Office:
                  \url{http://v3.espacenet.com/publicationDetails/biblio?CC=US&NR=4304825A&KC=A&FT=D&date=19811208}}
}

@article{schmidt1999,
  author =       {B. K. Schmidt and M. S. Lam and J. D. Northcutt},
  year =         1999,
  title =        {The interactive performance of SLIM: a stateless, thin-client
                  architecture},
  journal =      {Operating Systems Review},
  volume =       34,
  number =       5,
  pages =        {32--47}
}

@Article{siegl2006,
  author =       {Chris Siegl},
  title =        {Load switches get smart [battery life improvement]},
  journal =      {Power Engineer},
  year =         2006,
  volume =       20,
  number =       6,
  pages =        {42--45},
  month =        {Dec},
  note =         {Retrieved 11 April, 2010 from
                  \url{http://ezproxy.chc.edu:2324/login.aspx?direct=true&db=aph&AN=24246175&site=ehost-live}}
}

@article{stanford2007,
  author =       "{Stanford University}",
  year =         2007,
  month =        {December},
  title =        {New Nanowire Battery Holds 10 Times The Charge Of Existing
                  Ones},
  journal =      {ScienceDaily},
  url =          \url{{http://www.sciencedaily.com/releases/2007/12/071219103105.htm}},
  note =         {Retrieved January 13, 2009 from
                  \url{http://www.sciencedaily.com/releases/2007/12/071219103105.htm}}
}

@article{tynan2005,
  author =       {D. Tynan},
  year =         2005,
  title =        {Think Thin},
  journal =      {InfoWorld},
  volume =       27,
  number =       29,
  pages =        {32--36}
}

@Misc{yahoo2009,
  author =       {Yahoo},
  title =        {Cloud Computing},
  year =         2009,
  note =         {Retrieved 12 January, 2009},
  url =          {\url{http://research.yahoo.com/Cloud_Computing}}
}

@Misc{yeang2007,
  author =       {James Yeang},
  title =        {Top 15 Ways to Extend Your Laptop’s Battery Life},
  month =        {June},
  year =         2007,
  note =         {Retrieved 11 April, 2010 from
                  \url{http://www.friedbeef.com/top-15-ways-to-extend-your-laptop-battery-life/}}
}

